@article{copper,
  doi = {10.1016/s0747-7171(08)80013-2},
  url = {https://doi.org/10.1016/s0747-7171(08)80013-2},
  year  = {1990},
  month = {mar},
  publisher = {Elsevier {BV}},
  volume = {9},
  number = {3},
  pages = {251--280},
  author = {Don Coppersmith and Shmuel Winograd},
  title = {Matrix multiplication via arithmetic progressions},
  journal = {Journal of Symbolic Computation}
},
@inproceedings{solo2010multidimensional,
  title={Multidimensional matrix mathematics: multidimensional matrix equality, addition, subtraction, and multiplication, part 2 of 6},
  author={Solo, A},
  booktitle={Proceedings of the world congress on engineering},
  volume={3},
  year={2010}
}